<record><leader>00000cas a22000007a 4500</leader><controlfield tag="001">25003524</controlfield><controlfield tag="008">911220d18861888ncuwr ne      0    0eng d</controlfield><datafield ind1=" " ind2=" " tag="010"><subfield code="a">sn 91068773 </subfield></datafield><datafield ind1=" " ind2=" " tag="040"><subfield code="a">NVJ</subfield><subfield code="b">eng</subfield><subfield code="c">NVJ</subfield><subfield code="d">OCLCQ</subfield></datafield><datafield ind1=" " ind2=" " tag="042"><subfield code="a">msc</subfield></datafield><datafield ind1="0" ind2=" " tag="130"><subfield code="a">Pine knot (Southern Pines, N.C.)</subfield></datafield><datafield ind1="1" ind2="4" tag="245"><subfield code="a">The pine knot.</subfield></datafield><datafield ind1=" " ind2=" " tag="260"><subfield code="a">Southern Pines, N.C. :</subfield><subfield code="b">B.A. Goodridge</subfield></datafield><datafield ind1=" " ind2=" " tag="300"><subfield code="a">v.</subfield></datafield><datafield ind1=" " ind2=" " tag="310"><subfield code="a">Weekly</subfield></datafield><datafield ind1="0" ind2=" " tag="362"><subfield code="a">Vol. 1, no. 1 (Sept. 25, 1886)-v. 2, no. 39 (July 28, 1888).</subfield></datafield><datafield ind1=" " ind2=" " tag="752"><subfield code="a">United States</subfield><subfield code="b">North Carolina</subfield><subfield code="c">Moore</subfield><subfield code="d">Southern Pines.</subfield></datafield><datafield ind1="0" ind2="4" tag="785"><subfield code="t">Jonesboro leader</subfield><subfield code="w">(DLC)sn 91068774</subfield></datafield></record>